@Book{xie2015,
  title = {Dynamic Documents with {R} and knitr},
  author = {Yihui Xie},
  publisher = {Chapman and Hall/CRC},
  address = {Boca Raton, Florida},
  year = {2015},
  edition = {2nd},
  note = {ISBN 978-1498716963},
  url = {http://yihui.org/knitr/},
}

@inproceedings{Saarenpaä2018,
      title = {Legal Informatics and the Scarcity of Justice},
      author = {Saarenpaä, Ahti},
      year = {2018},
      booktitle = {Conference proceedings IRIS 2018},
      pages = {1-6},
      address = {Salzburg, Austria}
}

@article{Fiedler1991,
    author = {Fiedler, Herbert},
    title = {Computers and legal reasoning: Developments in Germany},
    journal = {Computers and the Humanities},
    year = {1991},
    pages = {141-147},
    volume = {25},
    issue = {2}

}

@article{Waltl2018,
    author = "Bernhard Waltl and Roland Vogl",
    title = "Explainable artificial intelligence - The new frontier in legal informatic",
    journal = "Jusletter IT",
    year = "2018",
    pages = "1-10",
    volume = "4",
    issue = "1"

}


@article{Oztemel2020,
  title = "Literature review of Industry 4.0 and related technologies",
  author = "Ercan Oztemel and Samet Gursev",
  journal = "Journal of Intelligent Manufacturing",
  year = "2020",
  volume = "31",
  issue = "1",
  pages = "127-182"
}

@article{liu2004,
  title = "Case instance generation and refinement for case-based criminal summary judgments in Chinese",
  author = "Chao Lin Liu and Cheng Tsung Chang and Jim How Ho",
  year = "2004",
  volume = "20",
  issue = "4",
  pages = "783-800",
  journal = "Journal of Information Science and Engineering"
}

@inproceedings{Guarino2019,
      title = "Visual Analytics to Make Sense of Large-Scale Administrative and Normative Data",
      author = "Alfonso Guarino and Nicola Lettieri and Delfina Malandrino and Pietro Russo and Rocco Zaccagnino",
      year = "2019",
      booktitle = "23rd International Conference on Information Visualisation",
      pages = "133-138",
      address = "Paris, França"
}

@article{Lettieri2016,
  title = "A computational approach for the experimental study of EU case law: analysis and implementation",
  author = "Nicola Lettieri and Antonio Altamura and Armando Faggiano and Delfina Malandrino",
  year = "2016",
  volume = "56",
  issue = "6",
  pages = "1-17",
  journal = "Social Network Analysis and Mining"
}

@inproceedings{Pinto2016,
      title = "A classification model for Portuguese documents in the juridical domain",
      author = "Luis Pinto and Andres Melgar",
      year = "2016",
      booktitle = "11th Iberian Conference on Information Systems and Technologies",
      pages = "1-4",
      address = "Gran Canaria, Spain"
}

@article{Colombo2017,
  title = "Challenges When Using Jurimetrics in Brazil — A Survey of Courts",
  author = "Bruna Armonas Colombo and Pedro Buck and Vinicius Miana Bezerra",
  year = "2017",
  volume = "9",
  issue = "68",
  pages = "1-14",
  journal = "Future Internet"
}